<record><leader>00000cas a2200000 a 4500</leader><controlfield tag="001">7821048</controlfield><controlfield tag="008">811006c19819999dcu x ne      0   a0eng d</controlfield><datafield ind1=" " ind2=" " tag="010"><subfield code="a">sn 83010172 </subfield></datafield><datafield ind1=" " ind2=" " tag="040"><subfield code="a">CSL</subfield><subfield code="b">eng</subfield><subfield code="c">CSL</subfield><subfield code="d">NST</subfield><subfield code="d">DLC</subfield><subfield code="d">OCL</subfield><subfield code="d">OCLCQ</subfield><subfield code="d">OCLCF</subfield><subfield code="d">OCLCO</subfield><subfield code="d">OCL</subfield></datafield><datafield ind1=" " ind2=" " tag="012"><subfield code="i">8709</subfield></datafield><datafield ind1=" " ind2=" " tag="037"><subfield code="b">U.S.-South West Africa Trade &amp; Cultural Council, Inc., 1141 National Press Building, Washington, D.C. 20045</subfield></datafield><datafield ind1=" " ind2=" " tag="042"><subfield code="a">nst</subfield></datafield><datafield ind1=" " ind2=" " tag="043"><subfield code="a">f-sx---</subfield></datafield><datafield ind1="0" ind2="0" tag="245"><subfield code="a">Namibia news gazette.</subfield></datafield><datafield ind1=" " ind2=" " tag="260"><subfield code="a">Washington, D.C. :</subfield><subfield code="b">U.S.-South West Africa Trade &amp; Cultural Council,</subfield><subfield code="c">1981-</subfield></datafield><datafield ind1=" " ind2=" " tag="300"><subfield code="a">v. :</subfield><subfield code="b">ill. ;</subfield><subfield code="c">36-38 cm.</subfield></datafield><datafield ind1="0" ind2=" " tag="362"><subfield code="a">Vol. 1, no. 1 (July 1981)-</subfield></datafield><datafield ind1=" " ind2="0" tag="651"><subfield code="a">Namibia</subfield><subfield code="v">Newspapers.</subfield></datafield><datafield ind1=" " ind2="0" tag="651"><subfield code="a">Namibia</subfield><subfield code="x">Politics and government</subfield><subfield code="v">Newspapers.</subfield></datafield><datafield ind1=" " ind2="0" tag="651"><subfield code="a">Namibia</subfield><subfield code="x">Economic conditions</subfield><subfield code="v">Newspapers.</subfield></datafield><datafield ind1=" " ind2="0" tag="651"><subfield code="a">Namibia</subfield><subfield code="x">Commerce</subfield><subfield code="v">Newspapers.</subfield></datafield><datafield ind1=" " ind2="7" tag="650"><subfield code="a">Commerce.</subfield><subfield code="2">fast</subfield><subfield code="0">(OCoLC)fst00869279</subfield></datafield><datafield ind1=" " ind2="7" tag="650"><subfield code="a">Economic history.</subfield><subfield code="2">fast</subfield><subfield code="0">(OCoLC)fst00901974</subfield></datafield><datafield ind1=" " ind2="7" tag="650"><subfield code="a">Politics and government</subfield><subfield code="2">fast</subfield><subfield code="0">(OCoLC)fst01919741</subfield></datafield><datafield ind1=" " ind2="7" tag="651"><subfield code="a">Namibia.</subfield><subfield code="2">fast</subfield><subfield code="0">(OCoLC)fst01204890</subfield></datafield><datafield ind1=" " ind2="7" tag="655"><subfield code="a">Newspapers.</subfield><subfield code="2">fast</subfield><subfield code="0">(OCoLC)fst01423814</subfield></datafield><datafield ind1="2" ind2=" " tag="710"><subfield code="a">U.S.-South West Africa Trade &amp; Cultural Council.</subfield></datafield><datafield ind1=" " ind2=" " tag="752"><subfield code="a">United States</subfield><subfield code="b">District of Columbia</subfield><subfield code="d">Washington.</subfield></datafield><datafield ind1=" " ind2=" " tag="850"><subfield code="a">CLSU</subfield><subfield code="a">CSt-H</subfield><subfield code="a">KU-S</subfield><subfield code="a">NN</subfield><subfield code="a">NmU</subfield></datafield><datafield ind1=" " ind2=" " tag="936"><subfield code="a">July 1981</subfield></datafield><datafield ind1="1" ind2=" " tag="029"><subfield code="a">AU@</subfield><subfield code="b">000025821805</subfield></datafield></record>